@manual{lab-manual,
	author = { Pan Agathoklis },
	title = { {Laboratory Manual for ELEC 360 - Control Systems I} },
	date = {2016},
	OPTorganization = { {Department of Electrical and Computer Engineering} },
	publisher = { {University of Victoria} }
}
